<record><leader>00000cas a2200000 a 4500</leader><controlfield tag="001">10581421</controlfield><controlfield tag="008">840331d18311838ohuwr ne      0    0eng c</controlfield><datafield ind1=" " ind2=" " tag="010"><subfield code="a">sn 84028170 </subfield></datafield><datafield ind1=" " ind2=" " tag="040"><subfield code="a">NPY</subfield><subfield code="b">eng</subfield><subfield code="c">NPY</subfield><subfield code="d">DLC</subfield><subfield code="d">ONP</subfield><subfield code="d">CNK</subfield><subfield code="d">NVK</subfield><subfield code="d">OCL</subfield><subfield code="d">DLC</subfield><subfield code="d">CRL</subfield><subfield code="d">KRTAS</subfield><subfield code="d">OCLCQ</subfield><subfield code="d">OCLCF</subfield></datafield><datafield ind1="1" ind2=" " tag="029"><subfield code="a">AU@</subfield><subfield code="b">000020121157</subfield></datafield><datafield ind1=" " ind2=" " tag="042"><subfield code="a">pcc</subfield></datafield><datafield ind1=" " ind2=" " tag="043"><subfield code="a">n-us-oh</subfield></datafield><datafield ind1="0" ind2="0" tag="050"><subfield code="a">Newspaper</subfield></datafield><datafield ind1=" " ind2=" " tag="090"><subfield code="a">AN</subfield></datafield><datafield ind1="0" ind2=" " tag="130"><subfield code="a">Painesville telegraph (Painesville, Ohio : 1831)</subfield></datafield><datafield ind1="1" ind2="0" tag="245"><subfield code="a">Painesville telegraph.</subfield></datafield><datafield ind1=" " ind2=" " tag="260"><subfield code="a">Painesville, Geauga County, Ohio :</subfield><subfield code="b">E.D. Howe,</subfield><subfield code="c">1831-</subfield></datafield><datafield ind1=" " ind2=" " tag="300"><subfield code="a">v.</subfield></datafield><datafield ind1=" " ind2=" " tag="310"><subfield code="a">Weekly</subfield></datafield><datafield ind1="0" ind2=" " tag="362"><subfield code="a">New ser., v. 3, no. 8 (Aug. 9, 1831)-</subfield></datafield><datafield ind1="1" ind2=" " tag="362"><subfield code="a">Ceased with Aug. 30, 1838 issue.</subfield></datafield><datafield ind1=" " ind2=" " tag="500"><subfield code="a">Whig, 1834-1838.</subfield></datafield><datafield ind1=" " ind2=" " tag="530"><subfield code="a">Available on microfilm from Bell &amp; Howell, and the Library of Congress, Photoduplication Service.</subfield></datafield><datafield ind1=" " ind2=" " tag="588"><subfield code="a">Description based on: Vol. 3, no. 8 (Aug. 9, 1831).</subfield></datafield><datafield ind1=" " ind2=" " tag="588"><subfield code="a">Latest issue consulted: Vol. 4, no. 34 (Aug. 23, 1838).</subfield></datafield><datafield ind1=" " ind2="0" tag="651"><subfield code="a">Painesville (Ohio)</subfield><subfield code="v">Newspapers.</subfield></datafield><datafield ind1=" " ind2="0" tag="651"><subfield code="a">Geauga County (Ohio)</subfield><subfield code="v">Newspapers.</subfield></datafield><datafield ind1=" " ind2="0" tag="651"><subfield code="a">Lake County (Ohio)</subfield><subfield code="v">Newspapers.</subfield></datafield><datafield ind1=" " ind2="7" tag="655"><subfield code="a">Newspapers.</subfield><subfield code="2">fast</subfield><subfield code="0">(OCoLC)fst01423814</subfield></datafield><datafield ind1=" " ind2="7" tag="651"><subfield code="a">Ohio</subfield><subfield code="z">Geauga County.</subfield><subfield code="2">fast</subfield><subfield code="0">(OCoLC)fst01213680</subfield></datafield><datafield ind1=" " ind2="7" tag="651"><subfield code="a">Ohio</subfield><subfield code="z">Lake County.</subfield><subfield code="2">fast</subfield><subfield code="0">(OCoLC)fst01205662</subfield></datafield><datafield ind1=" " ind2="7" tag="651"><subfield code="a">Ohio</subfield><subfield code="z">Painesville.</subfield><subfield code="2">fast</subfield><subfield code="0">(OCoLC)fst01238531</subfield></datafield><datafield ind1=" " ind2=" " tag="752"><subfield code="a">United States</subfield><subfield code="b">Ohio</subfield><subfield code="c">Geauga</subfield><subfield code="d">Painesville.</subfield></datafield><datafield ind1="0" ind2="0" tag="780"><subfield code="t">Telegraph (Painesville, Ohio : 1830)</subfield><subfield code="w">(DLC)sn 84028169</subfield><subfield code="w">(OCoLC)10581415</subfield></datafield><datafield ind1="0" ind2="0" tag="785"><subfield code="t">Painesville telegraph and Geauga County Whig</subfield><subfield code="w">(DLC)sn 84028171</subfield><subfield code="w">(OCoLC)10581457</subfield></datafield><datafield ind1=" " ind2=" " tag="938"><subfield code="a">Kirtas Technologies, Inc.</subfield><subfield code="b">KRTS</subfield><subfield code="n">738339</subfield></datafield></record>